@online{BABEX1,
    author = {Wei Wang},
	title = {Control of a Ball and Beam System},
	date = {2007-06-05},
	url = {http://data.mecheng.adelaide.edu.au/robotics/projects/2007/BallBeam/Wei_Final_Thesis.pdf},
	urldate = {2017-05-16},
    OPTlanguage = {english},
}
@online{BABEX2,
    author = {Marta Virseda},
    title = {Modeling and Control of the Ball and Beam Process},
    year = 2004,
    month = 03,
    url = {http://www.control.lth.se/documents/2004/5736.pdf},
    urldate = {2017-05-16},
    language = {english},
}
@article{BABEX3,
    author = {Krzysztof Nowopolski},
    title = {Implementation of ball-and-beam control system as an instance of simulink to 32-bit    microcontroller interface},
    journaltitle = {Poznan University of Technology Academic Journals},
    year = 2013,
    number = {76},
    url = {http://yadda.icm.edu.pl/yadda/element/bwmeta1.element.baztech-13677dd7-620d-4fe0-99ff-0dacf3dc74f7/c/Nowopolski.pdf},
    urldate = {2017-05-16},
    OPTlanguage = {english},
}
@online{QUANSER,
    author = {{Quanser}},
    title = {Ball and Beam},
    url = {http://www.quanser.com/Products/ball_beam},
    urldate = {2017-05-16},
    OPTlanguage = {english},
}
@manual{S7MANUAL,
    author = {{Siemens}},
    title = {SIMATIC S7-1200 Easy Book},
    year = 2015,
    month = 1,
    OPTsubtitle = {Manual},
    OPTlanguage = {english},
}
@online{SILNIK_MANUAL,
    author = {{Pololu}},
    title = {19:1 Metal Gearmotor 37Dx68L mm with 64 CPR Encoder},
    url = {https://www.pololu.com/product/2822},
    urldate = {2017-05-21},
    OPTorganization = {Pololu},
    OPTlanguage = {english},
}
@online{MOSTEK_H_MANUAL,
    author = {{Pololu}},
    title = {BD65496MUV Single Brushed DC Motor Driver Carrier},
    url = {https://www.pololu.com/product/2960/specs},
    OPTlanguage = {english},
    OPTorganization = {Pololu},
    urldate = {2017-05-23},
}
@manual{SHARP_MANUAL,
    author = {{Sharp}},
    title = {Analog Output Type Distance Measuring Sensor GP2Y0A41SK0F Specification},
    date = {2005-04-25},
    url = {https://cdn.sharpsde.com/fileadmin/products/Optoelectronics/Sensors/Specs/GP2Y0A41SK0F_25Apr05_Spec_ED05G101.pdf},
    urldate = {2017-05-27},
    OPTlanguage = {english},
    OPTorganization = {Sharp},
}
@manual{TRANSOPTOR_MANUAL,
    author = {{Vishay Semiconductors}},
    title = {Transmissive Optical Sensor with Phototransistor Output},
    url = {http://www.vishay.com/docs/83764/tcst1103.pdf},
    date = {2009-08-17},
    OPTlanguage = {english},
    OPTorganization = {Vishay Semiconductors},
    urldate = {2017-05-27},
}
@book{SEKW1,
    author = {Bogdan Broel-Plater},
    title = {Układy wykorzystujące sterowniki PLC},
    year = {2010},
    publisher = {Wydawnictwo Naukowe PWN},
    location = {Warszawa},
}
@book{SEKW2,
    author = {Tadeusz Mikulczyński},
    title = {Automatyzacja procesów produkcyjnych},
    year = {2006},
    publisher = {Wydawnictwa Naukowo-Techniczne},
    location = {Warszawa},
}
@book{SILNIKIEL,
    author = {Grzegorz Sieklucki and Barbara Bisztyga and Antoni Zdrojewski and Tadeusz Orzechowski and Rajmund Sykulski},
    title = {Modele i zasady sterowania napędami elektrycznymi},
    year = {2014},
    publisher = {Wydawnictwa AGH},
    location = {Kraków},
}
@book{SCL_S71200_S71500,
    author = {Janusz Kwaśniewski},
    title = {Język tekstu strukturalnego w sterownikach SIMATIC S7-1200 i S7-1500},
    year = {2014},
    publisher = {Wydawnictwo BTC},
    location = {Legionowo},
}
@book{PROGRAMOWANIE_PLC,
    author = {Tadeusz Legierski and Jerzy Kasprzyk and Janusz Wyrwał and Janusz Hajda},
    title = {Programowanie sterowników PLC},
    year = {1998},
    publisher = {Wydawnictwo Pracowni Komputerowej Jacka Skalmierskiego},
    location = {Gliwice},
}
@book{TEORIASTER,
    author = {Tadeusz Kaczorek and Andrzej Dzieliński and Włodzimierz Dąbrowski and Rafał Łopatka},
    title = {Podstawy teorii sterowania},
    year = {2013},
    publisher = {Wydawnictwo Naukowo-Techniczne},
    location = {Warszawa},
}
@book{TEORIASTERCW,
    author = {Jerzy Baranowski and Krystian Hajduk and Adam Korytowski and Wojciech Mitkowski and Andrzej Tutaj},
    title = {Teoria sterowania. Materiały pomocnicze do ćwiczeń laboratoryjnych},
    year = {2007},
    publisher = {Wydawnictwa AGH},
    location = {Kraków},
}
@book{KOWAL,
    author = {Janusz Kowal},
    title = {Podstawy automatyki},
    year = {2006},
    publisher = {Wydawnictwa AGH},
    location = {Kraków},
}
@online{LGF,
    author = {{Siemens}},
    title = {Library of General Functions (LGF) for S7-1200/1500},
    year = 2017,
    month = 3,
    url = {https://support.industry.siemens.com/cs/ww/en/view/109479728},
    OPTsubtitle = {Manual},
    OPTlanguage = {english},
    urldate = {2017-05-27},
}
@article{CTRLENG,
    author = {Vance VanDoren},
    title = {Relay Method Automates PID Loop Tuning},
    journaltitle = {Control Engineering},
    date = {2009-09-01},
    url = {http://www.controleng.com/search/search-single-display/relay-method-automates-pid-loop-tuning/4a5774decc.html},
    urldate = {2017-06-12},
}
@book{ASTROMHAGGLUND,
    author = {Karl Johan Åström and Tore Hägglund},
    title = {PID Controller: Theory, Design and Tuning},
    year = {1995},
    publisher = {Instrument Society of America},
    location = {USA},
}
@online{SIEMENSTRACE,
    author = {{Siemens}},
    title = {How many measuring points are stored during trace recordings with the S7-1200 and S7-1500?},
    date = {2014-09-23},
    url = {https://support.industry.siemens.com/cs/document/102781176/how-many-measuring-points-are-stored-during-trace-recordings-with-the-s7-1200-and-s7-1500-?dti=0&lc=en-WW},
    urldate = {2017-06-18},
}